@ARTICLE{Di_Remigio2019-wl,
  title   = "{PCMSolver: An open-source library for solvation modeling}",
  author  = "Di Remigio, Roberto and Steindal, Arnfinn Hykkerud and Mozgawa,
             Krzysztof and Weijo, Ville and Cao, Hui and Frediani, Luca",
  journal = "Int. J. Quantum Chem.",
  volume  =  119,
  number  =  1,
  pages   = "e25685",
  month   =  jan,
  year    =  2019,
  url     = "http://doi.wiley.com/10.1002/qua.25685",
  issn    = "0020-7608",
  doi     = "10.1002/qua.25685",
  addendum    = "Times cited: 0"
}

@ARTICLE{Schieschke2017-kz,
  title       = "{Combining frozen-density embedding with the conductor-like
                 screening model using Lagrangian techniques for response
                 properties}",
  author      = "Schieschke, Nils and Di Remigio, Roberto and Frediani, Luca
                 and Heuser, Johannes and H{\"o}fener, Sebastian",
  affiliation = "Institute of Physical Chemistry, Faculty of Chemistry and
                 Biosciences, Karlsruhe Institute of Technology (KIT), P.O. Box
                 6980, Karlsruhe, D-76049, Germany. Department of Chemistry,
                 Centre for Theoretical and Computational Chemistry, UiT, The
                 Arctic University of Norway, Troms{\o}, N-9037, Norway.",
  journal     = "J. Comput. Chem.",
  volume      =  38,
  number      =  19,
  pages       = "1693--1703",
  month       =  jul,
  year        =  2017,
  url         = "http://dx.doi.org/10.1002/jcc.24813",
  language    = "en",
  issn        = "0192-8651, 1096-987X",
  pmid        = "28514521",
  doi         = "10.1002/jcc.24813",
  addendum    = "Times cited: 3"
}

@ARTICLE{Parrish2017-fd,
  title       = "{Psi4 1.1: An Open-Source Electronic Structure Program
                 Emphasizing Automation, Advanced Libraries, and
                 Interoperability}",
  author      = "Parrish, Robert M and Burns, Lori A and Smith, Daniel G A and
                 Simmonett, Andrew C and DePrince, 3rd, A Eugene and
                 Hohenstein, Edward G and Bozkaya, U{\u g}ur and Sokolov,
                 Alexander Yu and Di Remigio, Roberto and Richard, Ryan M and
                 Gonthier, J{\'e}r{\^o}me F and James, Andrew M and
                 McAlexander, Harley R and Kumar, Ashutosh and Saitow, Masaaki
                 and Wang, Xiao and Pritchard, Benjamin P and Verma, Prakash
                 and Schaefer, 3rd, Henry F and Patkowski, Konrad and King,
                 Rollin A and Valeev, Edward F and Evangelista, Francesco A and
                 Turney, Justin M and Crawford, T Daniel and Sherrill, C David",
  affiliation = "Center for Computational Molecular Science and Technology,
                 School of Chemistry and Biochemistry, School of Computational
                 Science and Engineering, Georgia Institute of Technology ,
                 Atlanta, Georgia 30332-0400, United States. National
                 Institutes of Health , National Heart, Lung and Blood
                 Institute, Laboratory of Computational Biology, 5635 Fishers
                 Lane, T-900 Suite, Rockville, Maryland 20852, United States.
                 Department of Chemistry and Biochemistry, Florida State
                 University , Tallahassee, Florida 32306-4390, United States.
                 Department of Chemistry and Biochemistry, The City College of
                 New York , New York, New York 10031, United States. Department
                 of Chemistry, Hacettepe University , Ankara 06800, Turkey.
                 Division of Chemistry and Chemical Engineering, California
                 Institute of Technology , Pasadena, California 91125, United
                 States. Department of Chemistry, Centre for Theoretical and
                 Computational Chemistry, UiT, The Arctic University of Norway
                 , N-9037 Troms{\o}, Norway. Department of Chemistry, Virginia
                 Tech , Blacksburg, Virginia 24061, United States. Department
                 of Chemistry and Research Center for Smart Molecules, Rikkyo
                 University , 3-34-1 Nishi-ikebukuro, Toshima-ku, Tokyo
                 171-8501, Japan. Department of Chemistry, Emory University ,
                 Atlanta, Georgia 30322, United States. Center for
                 Computational Quantum Chemistry, University of Georgia ,
                 Athens, Georgia 30602, United States. Department of Chemistry
                 and Biochemistry, Auburn University , Auburn, Alabama 36849,
                 United States. Department of Chemistry, Bethel University ,
                 St. Paul, Minnesota 55112, United States.",
  journal     = "J. Chem. Theory Comput.",
  volume      =  13,
  number      =  7,
  pages       = "3185--3197",
  month       =  jul,
  year        =  2017,
  url         = "http://dx.doi.org/10.1021/acs.jctc.7b00174",
  language    = "en",
  issn        = "1549-9618, 1549-9626",
  pmid        = "28489372",
  doi         = "10.1021/acs.jctc.7b00174",
  addendum    = "Times cited: 117"
}

@ARTICLE{Di_Remigio2017-db,
  title     = "{Four-component relativistic density functional theory with the
               polarisable continuum model: application to EPR parameters and
               paramagnetic NMR shifts}",
  author    = "Di Remigio, Roberto and Repisky, Michal and Komorovsky,
               Stanislav and Hrobarik, Peter and Frediani, Luca and Ruud,
               Kenneth",
  journal   = "Mol. Phys.",
  publisher = "Taylor \& Francis",
  volume    =  115,
  number    = "1-2",
  pages     = "214--227",
  month     =  jan,
  year      =  2017,
  url       = "https://doi.org/10.1080/00268976.2016.1239846",
  eprint    = "http://dx.doi.org/10.1080/00268976.2016.1239846",
  issn      = "0026-8976, 1362-3028",
  doi       = "10.1080/00268976.2016.1239846",
  addendum    = "Times cited: 6"
}

@ARTICLE{Di_Remigio2016-du,
  title       = "{Open-ended formulation of self-consistent field response
                 theory with the polarizable continuum model for solvation}",
  author      = "Di Remigio, Roberto and Beerepoot, Maarten T P and Cornaton,
                 Yann and Ringholm, Magnus and Steindal, Arnfinn Hykkerud and
                 Ruud, Kenneth and Frediani, Luca",
  affiliation = "Centre for Theoretical and Computational Chemistry, Department
                 of Chemistry, University of Troms{\o}-The Arctic University of
                 Norway, N-9037 Troms{\o}, Norway. roberto.d.remigio@uit.no.",
  journal     = "Phys. Chem. Chem. Phys.",
  publisher   = "The Royal Society of Chemistry",
  volume      =  19,
  number      =  1,
  pages       = "366--379",
  month       =  dec,
  year        =  2016,
  url         = "http://dx.doi.org/10.1039/c6cp06814f",
  language    = "en",
  issn        = "1463-9076, 1463-9084",
  pmid        = "27905594",
  doi         = "10.1039/c6cp06814f",
  addendum    = "Times cited: 2"
}

@INPROCEEDINGS{Di_Remigio2016-es,
  title     = "{PCMSolver: an Application Programming Interface for the
               Polarizable Continuum Model}",
  booktitle = "{Proceedings of the SC15 Workshop on Producing High Performance
               and Sustainable Software for Molecular Simulation}",
  author    = "Di Remigio, Roberto and Crawford, T Daniel and Frediani, L",
  publisher = "University of Edinburgh",
  month     =  sep,
  year      =  2016,
  url       = "http://hdl.handle.net/1842/16531",
  isbn      = "9780992661526",
  addendum    = "Times cited: 0"
}

@ARTICLE{Di_Remigio2016-nn,
  title       = "{A polarizable continuum model for molecules at spherical
                 diffuse interfaces}",
  author      = "Di Remigio, Roberto and Mozgawa, Krzysztof and Cao, Hui and
                 Weijo, Ville and Frediani, Luca",
  affiliation = "Department of Chemistry, Centre for Theoretical and
                 Computational Chemistry, UiT, The Arctic University of Norway,
                 N-9037 Troms{\o}, Norway.",
  journal     = "J. Chem. Phys.",
  volume      =  144,
  number      =  12,
  pages       = "124103",
  month       =  mar,
  year        =  2016,
  url         = "http://dx.doi.org/10.1063/1.4943782",
  language    = "en",
  issn        = "0021-9606, 1089-7690",
  pmid        = "27036423",
  doi         = "10.1063/1.4943782",
  addendum    = "Times cited: 3"
}

@ARTICLE{Bugeanu2015-tp,
  title       = "{Wavelet formulation of the polarizable continuum model. II.
                 Use of piecewise bilinear boundary elements}",
  author      = "Bugeanu, Monica and Di Remigio, Roberto and Mozgawa, Krzysztof
                 and Reine, Simen Sommerfelt and Harbrecht, Helmut and
                 Frediani, Luca",
  affiliation = "Department for Mathematics and Computer Science, University of
                 Basel, Basel, Switzerland. Department of Chemistry, Centre for
                 Theoretical and Computational Chemistry, University of
                 Troms{\o}, Troms{\o}, Norway. roberto.d.remigio@uit.no.
                 Department of Chemistry, Centre for Theoretical and
                 Computational Chemistry, University of Oslo, Oslo, Norway.",
  journal     = "Phys. Chem. Chem. Phys.",
  publisher   = "Royal Society of Chemistry",
  volume      =  17,
  number      =  47,
  pages       = "31566--31581",
  month       =  dec,
  year        =  2015,
  url         = "http://dx.doi.org/10.1039/c5cp03410h",
  language    = "en",
  issn        = "1463-9076, 1463-9084",
  pmid        = "26256401",
  doi         = "10.1039/c5cp03410h",
  addendum    = "Times cited: 6"
}

@ARTICLE{Di_Remigio2015-dt,
  title       = "{Four-component relativistic calculations in solution with the
                 polarizable continuum model of solvation: theory,
                 implementation, and application to the group 16 dihydrides H2X
                 (X = O, S, Se, Te, Po)}",
  author      = "Di Remigio, Roberto and Bast, Radovan and Frediani, Luca and
                 Saue, Trond",
  journal     = "J. Phys. Chem. A",
  volume      =  119,
  number      =  21,
  pages       = "5061--5077",
  month       =  may,
  year        =  2015,
  url         = "http://dx.doi.org/10.1021/jp507279y",
  language    = "en",
  issn        = "1089-5639, 1520-5215",
  pmid        = "25412410",
  doi         = "10.1021/jp507279y",
  addendum    = "Times cited: 8"
}

@BOOK{Bast2018-pq,
  title     = "{CMake Cookbook: Building, testing, and packaging modular
               software with modern CMake}",
  author    = "Bast, Radovan and Di Remigio, Roberto",
  publisher = "Packt Publishing",
  month     =  sep,
  year      =  2018,
  url       = "https://www.packtpub.com/application-development/cmake-cookbook",
  language  = "en",
  isbn      = "9781788470711"
}
