@unpublished{Crawford2019,
  author = "Crawford, T Daniel and Kumar, Ashutosh and Bazant√©, Alexandre and
    Di Remigio, Roberto",
  title = "Reduced-Scaling Coupled Cluster Response Theory: Challenges and Opportunities",
  journal = "WIREs Comput Mol Sci",
  year = 2019,
  pubstate = inpress,
  howpublished = {\emph{In press}}
}

@unpublished{Spencer2018-tc,
  title         = "{The HANDE-QMC project: open-source stochastic quantum
                   chemistry from the ground state up}",
  author        = "Spencer, James S and Blunt, Nick S and Choi, Seonghoon and
                   Etrych, Jiri and Filip, Maria-Andreea and Foulkes, W Matthew
                   C and Franklin, Ruth S T and Handley, Will J and Malone,
                   Fionn D and Neufeld, Verena A and Di Remigio, Roberto and
                   Rogers, Tom W and Scott, Charles J C and Shepherd, James J
                   and Weston, Joseph and Vigor, William A and Zu, Ruqing and
                   Thom, Alex J W",
  month         =  nov,
  year          =  2018,
  url           = "http://arxiv.org/abs/1811.11679",
  archivePrefix = "arXiv",
  eprint        = "1811.11679",
  primaryClass  = "physics.comp-ph",
  arxivid       = "1811.11679",
  howpublished = {\emph{Submitted}}
}

@Unpublished{diagccmc,
  author = {Scott, Charles J. C. and Di Remigio, Roberto and Crawford, T. Daniel and Thom, Alex J. W.},
  title = {{Diagrammatic Coupled Cluster Monte Carlo}},
  year  =  2018,
  howpublished = {\emph{In preparation}}
}

@Unpublished{pcm_triples,
  author = {Di Remigio, Roberto and Crawford, T. Daniel and Simmonett, Andrew C. and Frediani, Luca},
  title = {{Coupled Cluster and Polarizable Continuum Model: Investigation of Perturbative Triples Corrections}},
  howpublished = {\emph{In preparation}}
}

@Unpublished{rt-unpublished,
  author = {Di Remigio, Roberto and Repisky, Michal and Frediani, Luca},
  title = "{A Polarizable Continuum Model for 4-component Relativistic Real-Time Time-Dependent Density Functional Theory}",
  howpublished = {\emph{In preparation}}
}

@Unpublished{fq-unpublished,
  author = {Di Remigio, Roberto and Giovannini, Tommaso and Ambrosetti, Matteo
    and Cappelli, Chiara and Frediani, Luca},
  title = "{A QM/MM Approach to Two-Photon Absorption in Solution Using the Fluctuating Charge Force Field}",
  howpublished = {\emph{In preparation}}
}

